@article{dai2017learning,
  title={Learning Combinatorial Optimization Algorithms over Graphs},
  author={Dai, Hanjun and Khalil, Elias B and Zhang, Yuyu and Dilkina, Bistra and Song, Le},
  journal={arXiv preprint arXiv:1704.01665},
  year={2017}
}
@article{Bello,
author = {Irwan Bello and Hieu Pham and Quoc V. Le and Mohammad Norouzi and Samy Bengio},
title = {NEURAL COMBINATORIAL OPTIMIZATION WITH REINFORCEMENT LEARNING},
publisher = {arXiv:1611.09940},
year = {2016}
}
@article{deudon-policy-gradient,
author = {Deudon M. and Cournut P. and Lacoste A. and Adulyasak Y. and Rousseau LM},
title = {Learning Heuristics for the TSP by Policy Gradient},
publisher = {van Hoeve WJ. (eds) Integration of Constraint Programming, Artificial Intelligence, and Operations Research. CPAIOR 2018. Lecture Notes in Computer Science, vol 10848. Springer, Cham},
year = {2018}
}

@Article{•,
author = {•},
title = {•},
journal = {•},
year = {•},
OPTkey = {•},
OPTvolume = {•},
OPTnumber = {•},
OPTpages = {•},
OPTmonth = {•},
OPTnote = {•},
OPTannote = {•}
}
